@article{graham2014world,
  title={Where in the world are you? Geolocation and language identification in Twitter},
  author={Graham, Mark and Hale, Scott A and Gaffney, Devin},
  journal={The Professional Geographer},
  volume={66},
  number={4},
  pages={568--578},
  year={2014},
  publisher={Routledge}
}
@article{mahmud2014home,
  title={Home location identification of twitter users},
  author={Mahmud, Jalal and Nichols, Jeffrey and Drews, Clemens},
  journal={ACM Transactions on Intelligent Systems and Technology (TIST)},
  volume={5},
  number={3},
  pages={47},
  year={2014},
  publisher={ACM}
}
@inproceedings{cheng2010you,
  title={You are where you tweet: a content-based approach to geo-locating twitter users},
  author={Cheng, Zhiyuan and Caverlee, James and Lee, Kyumin},
  booktitle={Proceedings of the 19th ACM international conference on Information and knowledge management},
  pages={759--768},
  year={2010},
  organization={ACM}
}
@article{pennacchiotti2011machine,
  title={A Machine Learning Approach to Twitter User Classification.},
  author={Pennacchiotti, Marco and Popescu, Ana-Maria},
  journal={ICWSM},
  volume={11},
  pages={281--288},
  year={2011}
}
@article{mahmud2012tweet,
  title={Where Is This Tweet From? Inferring Home Locations of Twitter Users.},
  author={Mahmud, Jalal and Nichols, Jeffrey and Drews, Clemens},
  journal={ICWSM},
  volume={12},
  pages={511--514},
  year={2012}
}
@inproceedings{pak2010twitter,
  title={Twitter as a Corpus for Sentiment Analysis and Opinion Mining.},
  author={Pak, Alexander and Paroubek, Patrick},
  booktitle={LREC},
  volume={10},
  pages={1320--1326},
  year={2010}
}
@inproceedings{bergsma2013broadly,
  title={Broadly Improving User Classification via Communication-Based Name and Location Clustering on Twitter.},
  author={Bergsma, Shane and Dredze, Mark and Van Durme, Benjamin and Wilson, Theresa and Yarowsky, David},
  booktitle={HLT-NAACL},
  pages={1010--1019},
  year={2013}
}
@article{carlin1997bayes,
  title={Bayes and empirical Bayes methods for data analysis},
  author={Carlin, Bradley P and Louis, Thomas A},
  journal={Statistics and Computing},
  volume={7},
  number={2},
  pages={153--154},
  year={1997},
  publisher={Springer}
}
@misc{degrooth,
  title={H (1970): Optimal Statistical Decisions},
  author={DeGroot, Morris},
  publisher={McGraw-Hill}
}
@inproceedings{gimpel2011part,
  title={Part-of-speech tagging for twitter: Annotation, features, and experiments},
  author={Gimpel, Kevin and Schneider, Nathan and O'Connor, Brendan and Das, Dipanjan and Mills, Daniel and Eisenstein, Jacob and Heilman, Michael and Yogatama, Dani and Flanigan, Jeffrey and Smith, Noah A},
  booktitle={Proceedings of the 49th Annual Meeting of the Association for Computational Linguistics: Human Language Technologies: short papers-Volume 2},
  pages={42--47},
  year={2011},
  organization={Association for Computational Linguistics}
}
@inproceedings{eisenstein2010latent,
  title={A latent variable model for geographic lexical variation},
  author={Eisenstein, Jacob and O'Connor, Brendan and Smith, Noah A and Xing, Eric P},
  booktitle={Proceedings of the 2010 Conference on Empirical Methods in Natural Language Processing},
  pages={1277--1287},
  year={2010},
  organization={Association for Computational Linguistics}
}

@inproceedings{krishnamurthy2008few,
  title={A few chirps about twitter},
  author={Krishnamurthy, Balachander and Gill, Phillipa and Arlitt, Martin},
  booktitle={Proceedings of the first workshop on Online social networks},
  pages={19--24},
  year={2008},
  organization={ACM}
}
@inproceedings{hecht2011tweets,
  title={Tweets from Justin Bieber's heart: the dynamics of the location field in user profiles},
  author={Hecht, Brent and Hong, Lichan and Suh, Bongwon and Chi, Ed H},
  booktitle={Proceedings of the SIGCHI Conference on Human Factors in Computing Systems},
  pages={237--246},
  year={2011},
  organization={ACM}
}

@inproceedings{wing2011simple,
  title={Simple supervised document geolocation with geodesic grids},
  author={Wing, Benjamin P and Baldridge, Jason},
  booktitle={Proceedings of the 49th Annual Meeting of the Association for Computational Linguistics: Human Language Technologies-Volume 1},
  pages={955--964},
  year={2011},
  organization={Association for Computational Linguistics}
}

@inproceedings{sadilek2012finding,
  title={Finding your friends and following them to where you are},
  author={Sadilek, Adam and Kautz, Henry and Bigham, Jeffrey P},
  booktitle={Proceedings of the fifth ACM international conference on Web search and data mining},
  pages={723--732},
  year={2012},
  organization={ACM}
}

@article{scikit-learn,
 title={Scikit-learn: Machine Learning in {P}ython},
 author={Pedregosa, F. and Varoquaux, G. and Gramfort, A. and Michel, V.
         and Thirion, B. and Grisel, O. and Blondel, M. and Prettenhofer, P.
         and Weiss, R. and Dubourg, V. and Vanderplas, J. and Passos, A. and
         Cournapeau, D. and Brucher, M. and Perrot, M. and Duchesnay, E.},
 journal={Journal of Machine Learning Research},
 volume={12},
 pages={2825--2830},
 year={2011}
}
@inproceedings{mccallum1998comparison,
  title={A comparison of event models for naive bayes text classification},
  author={McCallum, Andrew and Nigam, Kamal and others},
  booktitle={AAAI-98 workshop on learning for text categorization},
  volume={752},
  pages={41--48},
  year={1998},
  organization={Citeseer}
}

@article{mcgill1978variations,
  title={Variations of box plots},
  author={McGill, Robert and Tukey, John W and Larsen, Wayne A},
  journal={The American Statistician},
  volume={32},
  number={1},
  pages={12--16},
  year={1978},
  publisher={Taylor \& Francis Group}
}

